@misc{qd800,author={{Thủ tướng Chính phủ}},
title= {Quyết Định Phê duyệt Chương trình mục tiêu Quốc gia về xây dựng Nông thôn mới giai đoạn 2010 – 2020},
year={2010}
}

@misc{qd1600,author={{Thủ tướng Chính phủ}},
title= {Quyết định Phê duyệt Chương trình Mục tiêu Quốc gia Xây dựng Nông thôn mới Giai đoạn 2016-2020},
year={2016}
}

@misc{nq26nqtw,author={{Ban Chấp hành Trung Ương}},
title= {Nghị Quyết số 26-NQ/TW Hội nghị Lần thứ Bảy Ban Chấp Hành Trung Ương Khóa X về Nông nghiệp, Nông dân, Nông thôn},
year={2008}
}

@misc{qhcxdchuongmy,author={Ủy ban nhân dân Thành phố Hà Nội}},
title= {QUYẾT ĐỊNH VỀ VIỆC PHÊ DUYỆT QUY HOẠCH CHUNG XÂY DỰNG HUYỆN CHƯƠNG MỸ ĐẾN NĂM 2030, TỶ LỆ 1/10.000},
year={2015}
}

@misc{qd505,author={Ủy ban nhân dân Thành phố Hà Nội}},
title= {QUYẾT ĐỊNH VỀ VIỆC PHÊ DUYỆT QUY HOẠCH CHUNG THỊ TRẤN SINH THÁI CHÚC SƠN, ĐẾN NĂM 2030, TỶ LỆ 1/5.000 ĐỊA ĐIỂM: HUYỆN CHƯƠNG MỸ, QUẬN HÀ ĐÔNG, THÀNH PHỐ HÀ NỘI},
year={2015}
}

@misc{da2009,author={BAN QUẢN LÝ CHƯƠNG TRÌNH XÂY DỰNG THÍ ĐIỂM MÔ HÌNH NÔNG THÔN MỚI XÃ THUỴ HƯƠNG, HUYỆN CHƯƠNG MỸ THÀNH PHỐ HÀ NỘI},
title= {ĐỀ ÁN XÂY DỰNG NÔNG THÔN MỚI CẤP XÃ (Mô hình nông thôn mới giai đoạn 2009 - 2011)},year={2009}}

@misc{qd491ttg,author={{Thủ tướng Chính phủ}},
title= {Quyết định Phê duyệt Chương trình Mục tiêu Quốc gia Xây dựng Nông thôn mới Giai đoạn 2016-2020},
year={2016}
}

@book{leed_v4, place={Washington, DC}, title={LEED reference guide for neighborhood development}, publisher={U.S. Green Building Council}, year={2014}} 

@article{wan_ng_2016, title={Assessing the Sustainability of the Built Environment in Mountainous Rural Villages in Southwest China}, volume={36}, DOI={10.1659/mrd-journal-d-14-00067.1}, number={1}, journal={Mountain Research and Development}, author={Wan, Li and Ng, Edward}, year={2016}, pages={4}} 

@article{ao_martek_2020, title={The Current Status of Research in the Field of the Rural Built Environment and its Impact on the Daily Activities of Residents}, DOI={10.1007/978-981-33-4217-0_1}, journal={Rural Built Environment of Sichuan Province, China}, author={Ao, Yibin and Martek, Igor}, year={2020}, pages={1–33}}