@article{thiemcand,
author = {Nguyễn Thiêm},
title = {1/8/2008: Chính thức mở rộng địa giới hành chính thủ đô Hà Nội },
journaltitle = {Công an Nhân dân Online},
year = {2008},
howpublished="\url{http://cand.com.vn/thoi-su/182008-Chinh-thuc-mo-rong-dia-gioi-hanh-chinh-thu-do-Ha-Noi-126092/}",
note ="[Online; accessed 07-12-2020]"
}

@article{anhtckt01,
author = {Trần Huy Ánh},
title = {Kiến trúc với Nông thôn mới: Từ Quy hoạch Hà Nội năm 2010 đến thực tiễn năm 2020 },
journaltitle = {Tạp chí Kiến trúc},
year = {2020},
howpublished="\url{https://www.tapchikientruc.com.vn/chuyen-muc/kien-truc-voi-nong-thon-moi-tu-quy-hoach-ha-noi-nam-2010-den-thuc-tien-nam-2020.html}",
note ="[Online; accessed 07-12-2020]"
}

@article{baochinhphu01,
author = {Thu Nga},
title = {Chỉ đạo điểm xây dựng nông thôn mới tại 5 tỉnh và 5 huyện },
journaltitle = {Báo Chính Phủ},
year = {2020},
howpublished="\url{http://baochinhphu.vn/Van-ban-moi/Chi-dao-diem-xay-dung-nong-thon-moi-tai-5-tinh-va-5-huyen/36676.vgp}",
note ="[Online; accessed 07-12-2020]"
}
