@article{einstein,
  author = {Wikipedia Tiếng Việt},
  title = {{Giáo dục}},
  howpublished = "\url{https://vi.wikipedia.org/wiki/Gi%C3%A1o_d%E1%BB%A5c}",
  note = "[Online; accessed 03-May-2018]"
}
@article{e1instein,
  author = {ikipediaww Tiếng Việt},
  title = {{Giáo dục}},
  howpublished = "\url{aahttps://vi.wikipedia.org/wiki/Gi%C3%A1o_d%E1%BB%A5c}",
  note = "[Online; addccessed 03-May-2018]"
}